<record><leader>02044pam a2200457 i 4500</leader><controlfield tag="001">6803058</controlfield><controlfield tag="003">OCoLC</controlfield><controlfield tag="005">20150121082225.0</controlfield><controlfield tag="008">140619t20152015onca   j b    001 0 eng  </controlfield><datafield ind1=" " ind2=" " tag="010"><subfield code="a">  2014022776</subfield></datafield><datafield ind1=" " ind2=" " tag="020"><subfield code="a">9780778716556 (reinforced library binding)</subfield></datafield><datafield ind1=" " ind2=" " tag="020"><subfield code="a">0778716554 (reinforced library binding)</subfield></datafield><datafield ind1=" " ind2=" " tag="020"><subfield code="a">9780778716600 (pbk.)</subfield></datafield><datafield ind1=" " ind2=" " tag="020"><subfield code="a">0778716600 (pbk.)</subfield></datafield><datafield ind1=" " ind2=" " tag="020"><subfield code="z">9781427198655 (electronic pdf)</subfield></datafield><datafield ind1=" " ind2=" " tag="020"><subfield code="z">9781427198709 (electronic html)</subfield></datafield><datafield ind1=" " ind2=" " tag="035"><subfield code="a">ocn903345868</subfield></datafield><datafield ind1=" " ind2=" " tag="040"><subfield code="a">DLC</subfield><subfield code="b">eng</subfield><subfield code="e">rda</subfield><subfield code="c">DLC</subfield><subfield code="d">OCLCO</subfield><subfield code="d">BDX</subfield><subfield code="d">OCLCF</subfield><subfield code="d">SINLB</subfield><subfield code="d">UPZ</subfield><subfield code="d">UAB</subfield><subfield code="d">AEU</subfield></datafield><datafield ind1=" " ind2=" " tag="042"><subfield code="a">pcc</subfield><subfield code="a">lcac</subfield></datafield><datafield ind1="0" ind2="0" tag="050"><subfield code="a">PN3377.5.A37</subfield><subfield code="b">H93 2015</subfield></datafield><datafield ind1="0" ind2="0" tag="082"><subfield code="a">808.3/87</subfield><subfield code="2">23</subfield></datafield><datafield ind1=" " ind2=" " tag="090"><subfield code="a">PN 3377.5 A37 H93 2015</subfield><subfield code="b">AEU</subfield></datafield><datafield ind1="1" ind2=" " tag="100"><subfield code="a">Hyde, Natalie,</subfield><subfield code="d">1963-</subfield><subfield code="e">author.</subfield></datafield><datafield ind1="1" ind2="0" tag="245"><subfield code="a">How to write an adventure story /</subfield><subfield code="c">Natalie Hyde.</subfield></datafield><datafield ind1=" " ind2="1" tag="264"><subfield code="a">St. Catharines, Ontario ;</subfield><subfield code="a">New York, New York :</subfield><subfield code="b">Crabtree Publishing Company,</subfield><subfield code="c">[2015]</subfield></datafield><datafield ind1=" " ind2="4" tag="264"><subfield code="c">&#169;2015</subfield></datafield><datafield ind1=" " ind2=" " tag="300"><subfield code="a">32 pages :</subfield><subfield code="b">color illustrations ;</subfield><subfield code="c">26 cm.</subfield></datafield><datafield ind1=" " ind2=" " tag="336"><subfield code="a">text</subfield><subfield code="2">rdacontent</subfield></datafield><datafield ind1=" " ind2=" " tag="337"><subfield code="a">unmediated</subfield><subfield code="2">rdamedia</subfield></datafield><datafield ind1=" " ind2=" " tag="338"><subfield code="a">volume</subfield><subfield code="2">rdacarrier</subfield></datafield><datafield ind1="1" ind2=" " tag="490"><subfield code="a">Text styles</subfield></datafield><datafield ind1=" " ind2=" " tag="504"><subfield code="a">Includes bibliographical references (page 32) and index.</subfield></datafield><datafield ind1=" " ind2=" " tag="520"><subfield code="a">Adventure stories are exciting stories that take readers on a journey out of the ordinary and into the dangerous unknown. This action-packed book introduces young writers to the elements of an adventure story and provides fun ideas for writing a daring tale of one's own!</subfield></datafield><datafield ind1="8" ind2=" " tag="521"><subfield code="a">Guided reading: P.</subfield></datafield><datafield ind1=" " ind2=" " tag="590"><subfield code="a">University of Alberta Library copy in the Canadian Children's Book Centre Depository Collection.</subfield></datafield><datafield ind1=" " ind2=" " tag="596"><subfield code="a">41</subfield></datafield><datafield ind1=" " ind2="0" tag="650"><subfield code="a">Adventure stories</subfield><subfield code="x">Authorship</subfield><subfield code="v">Juvenile literature.</subfield></datafield><datafield ind1=" " ind2="0" tag="830"><subfield code="a">Text styles.</subfield></datafield><datafield ind1=" " ind2=" " tag="949"><subfield code="a">PN 3377.5 A37 H93 2015</subfield><subfield code="c">1</subfield><subfield code="h">UAED-CU-B</subfield><subfield code="i">0162035233756</subfield></datafield><datafield ind1=" " ind2=" " tag="926"><subfield code="a">PN 3377.5 A37 H93 2015</subfield><subfield code="w">LC</subfield><subfield code="c">1</subfield><subfield code="i">0162035233756</subfield><subfield code="l">CURRICULUM</subfield><subfield code="m">UAEDUC</subfield><subfield code="p">$150.00</subfield><subfield code="r">Y</subfield><subfield code="s">Y</subfield><subfield code="t">BOOK</subfield><subfield code="u">2/11/2015</subfield></datafield><datafield ind1=" " ind2=" " tag="926"><subfield code="a">PN 3377.5 A37 H93 2015</subfield><subfield code="w">LC</subfield><subfield code="c">2</subfield><subfield code="i">0162034252468</subfield><subfield code="l">CCBCC</subfield><subfield code="m">UAEDUC</subfield><subfield code="p">$150.00</subfield><subfield code="r">Y</subfield><subfield code="s">Y</subfield><subfield code="t">NO_LOAN</subfield><subfield code="u">4/14/2015</subfield></datafield></record>